% Encoding: UTF-8


% -----------------
% SD in aviation
% -----------------


@TechReport{Bles_2008_SD,
  title = {Spatial disorientation training demonstration and avoidance},
  author = {Bles, Willem},
  year = {2008}
  institution = {North Atlantic Treaty Organisation (NATO), Soesterberg, Netherlands}
}
% Rep. no., TR-HFM-118

@book{Gibb_2010_Aviation,
  title = {Aviation visual perception: Research, misperception and mishaps},
  author = {Gibb, Randy and Gray, Rob and Scharff, Lauren},
  year = {2010},
  publisher = {Ashgate}
}

@TechReport{Perdriel_1980_SD,
  title = {Spatial Disorientation in flight: Current problems},
  author = {Perdriel, Georges and Benson, Alan James},
  year = {1980},
  institution = {Advisory Group for Aerospace Research and Development Neuilly-sur-Seine (France)}
}

@TechReport{Gillingham_1993_Spatial,
  author = {Gillingham, Kent K and Previc, Fred H},
  title = {Spatial Orientation in Flight},
  publisher = {Armstrong lab brooks AFB TX},
  year = {1993},
  number = {AL-TR-1993-0022}
}

@Book{Previc_2004_Spatial,
 author = {F. H. Previc and W. R. Ercoline},
 address = {Reston ,VA},
 title = {Spatial Disorientation in Aviation},
 publisher = {American Institute of Aeronautics and Astronautics},
 year = {2004}
}

@TechReport{Newman_2007_SD,
  author = {Newman, David G and FAICD, AFAIM},
  title = {An overview of spatial disorientation as a factor in aviation accidents and incidents},
  publisher = {Australian Transport Safety Bureau Canberra City, Australia},
  number = {B2007/0063},
  year = {2007}
}

@article{Chaudhuri_2013_Wholebody,
  title = {Whole body motion-detection tasks can yield much lower thresholds than direction-recognition tasks: implications for the role of vibration},
  author = {Chaudhuri, Shomesh E and Karmali, Faisal and Merfeld, Daniel M},
  journal = {J Neurophysiol},
  volume = {110},
  number = {12},
  pages = {2764--2772},
  year = {2013},
  publisher = {American Physiological Society Bethesda, MD}
}



% -----------------
% vestibular psychology
% -----------------
@Article{Angelaki_2008_Vestibular,
  author = {D. E. Angelaki and K. E. Cullen},
  title = {Vestibular System: The Many Facets of a Multimodal Sense},
  journal = {Annu Rev Neurosci},
  volume = {31},
  number = {1},
  pages = {125-150},
  year = {2008}
}



% -----------------
% vestibular thresholds, motion detection, motion perception
% -----------------
@Article{Melvill_1978_Vertical,
  author =   {J. G. Melvill and L. R. Young},
  title =    {Subjective Detection of Vertical Acceleration: a Velocity-Dependent Response},
  journal =  {Acta Otolaryngol},
  year =     {1978},
  volume =   {85},
  pages =    {45—53}
}

@article{Soyka_2011_Predicting,
  title = {Predicting direction detection thresholds for arbitrary translational acceleration profiles in the horizontal plane},
  author={Soyka, Florian and Giordano, Paolo Robuffo and Beykirch, Karl and B{\"u}lthoff, Heinrich H},
  journal = {Exp Brain Res},
  volume={209},
  number={1},
  pages={95--107},
  year={2011}
}

@article{BermudezRey_2016_Vestibular,
  title = {Vestibular perceptual thresholds increase above the age of 40},
  author = {Berm{\'u}dez-Rey, Mar{\'\i}a Carolina and Clark, Torin K and Wang, Wei and Leeder, Tania and Bian, Yong and Merfeld, Daniel M},
  journal = {Frontiers in Neurology},
  volume = {7},
  pages = {162},
  year = {2016}
}

@article{Karmali_2017_Multivariate,
  title={Multivariate analyses of balance test performance, vestibular thresholds, and age},
  author={Karmali, Faisal and Berm{\'u}dez Rey, Mar{\'\i}a Carolina and Clark, Torin K and Wang, Wei and Merfeld, Daniel M},
  journal={Frontiers in Neurology},
  volume={8},
  pages={578},
  year={2017}
}

@article{Valko_2012_Vestibular,
  title={Vestibular labyrinth contributions to human whole-body motion discrimination},
  author={Valko, Yulia and Lewis, Richard F and Priesol, Adrian J and Merfeld, Daniel M},
  journal={J Neurosci},
  volume={32},
  number={39},
  pages={13537--13542},
  year={2012}
}

@article{Hartmann_2014_Direction,
  title = {Direction detection thresholds of passive self-motion in artistic gymnasts},
  author = {Hartmann, Matthias and Haller, Katia and Moser, Ivan and Hossner, Ernst-Joachim and Mast, Fred W},
  journal = {Exp Brain Res},
  volume = {232},
  number = {4},
  pages = {1249--1258},
  year = {2014}
}

% -----------------
% SD motion perception research
% -----------------
@article{Cheung_2000_Disorientation,
  title = {Underwater disorientation as induced by two helicopter ditching devices},
  author = {Cheung, Bob and Hofer, Kevin and Brooks, Chris J and Gibbs, Peter},
  journal = {Aviation, Space, and Environmental Medicine},
  volume = {71},
  number = {9},
  pages = {879--888},
  year = {2000}
}

@article{Sargent_2008_Disorientation,
  title = {Exploring the process of progressive disorientation},
  author = {Sargent, Jesse and Dopkins, Stephen and Philbeck, John and Arthur, Joeanna},
  journal = {Acta Psychol},
  volume = {129},
  number = {2},
  pages = {234--242},
  year = {2008}
}


% -----------------
% iMose simulator
% -----------------

%Shanghai
@inproceedings{Bellmann_2011_DLR,
  title = {The DLR Robot Motion Simulator Part I: Design and setup},
  author = {Bellmann, Tobias and Heindl, Johann and Hellerer, Matthias and Kuchar, Richard and Sharma, Karan and Hirzinger, Gerd},
  booktitle = {2011 IEEE International Conference on Robotics and Automation},
  pages = {4694--4701},
  year = {2011},
  organization = {IEEE}
}

%Seoul
@inproceedings{Landrieu_2017_Timetocollision,
  title = {Time-to-Collision Estimates during Congruent Visuo-Vestibular Stimulations},
  author = {Landrieu, Jer\'{e}mie and Abdur-Rahim, Jamilah and Sarrazin, Jean-Christophe and Bardy, Beno\^{i}t},
  booktitle = {Studies in Perception and Action XIV: Nineteenth International Conference on Perception and Action (IPCA)},
  pages = {109--112},
  year = {2017},
  organization = {Psychology Press}
}

@article{Denquin_2021_LAF,
  title = {Optical and gravito-inertial contributions to the perception and control of height in a simulated Low-Altitude Flight context},
  author = {Denquin, Francois and Foucher, Jamilah and Pla, Simon and Sarrazin, Jean-Christophe and Bardy, Benoit G},
  journal = {Ergonomics},
  volume = {64},
  number = {10},
  pages = {1297--1309},
  year = {2021}
}

% -----------------
% Questionnaires : SSQ and claustrophobia
% -----------------
@Article{Bouchard_2007_SimulatorSickness,
  author = {Bouchard, St{\'e}phane and Robillard, Genevi{\`e}ve and Renaud, Patrice},
  title = {Revising the factor structure of the Simulator Sickness Questionnaire},
  journal = {Annual Review of CyberTherapy and Telemedicine},
  year = {2007},
  volume = {5},
  pages = {117-122}
}

@Article{Kennedy_1993_Simulator,
  author = {Kennedy, Robert S and Lane, Norman E and Berbaum, Kevin S and Lilienthal, Michael G},
  title = {Simulator Sickness Questionnaire: An enhanced method for quantifying simulator sickness},
  journal = {International Journal of Aviation Psychology},
  year = {1993},
  volume = {3},
  number = {3},
  pages = {203-220}
}

@Article{Radomsky_2001_Claustrophobia,
  author = {Radomsky, Adam S and Rachman, S and Thordarson, Dana S and McIsaac, Heather K and Teachman, Bethany A},
  title = {The Claustrophobia Questionnaire},
  journal = {Journal of Anxiety Disorders},
  year = {2001},
  volume = {15},
  number = {4},
  pages = {287-297}
}

@Article{Radomsky_2006_Claustrophobia_CLQ,
  author = {Radomsky, Adam S and Ouimet, Allison J and Ashbaugh, Andrea R and Paradis, Matthew R and Lavoie, Stefanie L and O’Connor, Kieron P},
  title = {Psychometric properties of the French and English versions of the Claustrophobia Questionnaire (CLQ)},
  journal = {Journal of Anxiety Disorders},
  year = {2006},
  volume = {20},
  number={6},
  pages = {818--828}
}

% -----------------
% Machine learning
% -----------------
@book{Burkov_2019_ML,
  title = {The Hundred-Page Machine Learning Book},
  author = {Burkov, Andriy},
  year = {2019},
  publisher = {Andriy Burkov Canada}
}

% -----------------
% Human motor movement
% -----------------
@book{Shadmehr_2004_Computational,
  title = {The computational neurobiology of reaching and pointing: a foundation for motor learning},
  author = {Shadmehr, Reza and Wise, Steven P},
  year = {2004},
  publisher = {MIT press}
}